<collection xmlns="http://www.loc.gov/MARC21/slim">
   <record>
      <leader>02192cam a2200445 i 4500</leader>
      <controlfield tag="001">6783673</controlfield>
      <controlfield tag="003">OCoLC</controlfield>
      <controlfield tag="005">20150115113000.0</controlfield>
      <controlfield tag="006">m     o  d        </controlfield>
      <controlfield tag="007">cr cnu---unuuu</controlfield>
      <controlfield tag="008">150108s2015    enka    ob    001 0 eng d</controlfield>
      <datafield ind1=" " ind2=" " tag="020">
         <subfield code="a">9781316106693</subfield>
         <subfield code="q">electronic bk.</subfield>
      </datafield>
      <datafield ind1=" " ind2=" " tag="020">
         <subfield code="a">1316106691</subfield>
         <subfield code="q">electronic bk.</subfield>
      </datafield>
      <datafield ind1=" " ind2=" " tag="020">
         <subfield code="z">9781107090361</subfield>
      </datafield>
      <datafield ind1=" " ind2=" " tag="020">
         <subfield code="z">1107090369</subfield>
      </datafield>
      <datafield ind1=" " ind2=" " tag="039">
         <subfield code="a">exclude</subfield>
      </datafield>
      <datafield ind1=" " ind2=" " tag="040">
         <subfield code="a">CAMBR</subfield>
         <subfield code="b">eng</subfield>
         <subfield code="e">rda</subfield>
         <subfield code="e">pn</subfield>
         <subfield code="c">CAMBR</subfield>
         <subfield code="d">YDXCP</subfield>
         <subfield code="d">AEU</subfield>
      </datafield>
      <datafield ind1=" " ind2="4" tag="050">
         <subfield code="a">BL65.P7</subfield>
         <subfield code="b">R45 2015eb</subfield>
      </datafield>
      <datafield ind1="0" ind2="4" tag="082">
         <subfield code="a">322.1</subfield>
         <subfield code="2">23</subfield>
      </datafield>
      <datafield ind1=" " ind2=" " tag="090">
         <subfield code="a">Internet Access</subfield>
         <subfield code="b">AEU</subfield>
      </datafield>
      <datafield ind1="0" ind2="0" tag="245">
         <subfield code="a">Religion and public policy :</subfield>
         <subfield code="b">human rights, conflict, and ethics /</subfield>
         <subfield code="c">edited by Sumner B. Twiss, Marian Gh. Simion, Rodney L. Petersen.</subfield>
      </datafield>
      <datafield ind1=" " ind2="1" tag="264">
         <subfield code="a">Cambridge :</subfield>
         <subfield code="b">Cambridge University Press,</subfield>
         <subfield code="c">2015.</subfield>
      </datafield>
      <datafield ind1=" " ind2=" " tag="300">
         <subfield code="a">1 online resource (xl, 372 pages) :</subfield>
         <subfield code="b">illustrations</subfield>
      </datafield>
      <datafield ind1=" " ind2=" " tag="336">
         <subfield code="a">text</subfield>
         <subfield code="b">txt</subfield>
         <subfield code="2">rdacontent</subfield>
         <subfield code="0">http://id.loc.gov/vocabulary/contentTypes/txt</subfield>
      </datafield>
      <datafield ind1=" " ind2=" " tag="337">
         <subfield code="a">computer</subfield>
         <subfield code="b">c</subfield>
         <subfield code="2">rdamedia</subfield>
         <subfield code="0">http://id.loc.gov/vocabulary/mediaTypes/c</subfield>
      </datafield>
      <datafield ind1=" " ind2=" " tag="338">
         <subfield code="a">online resource</subfield>
         <subfield code="b">cr</subfield>
         <subfield code="2">rdacarrier</subfield>
         <subfield code="0">http://id.loc.gov/vocabulary/carriers/cr</subfield>
      </datafield>
      <datafield ind1=" " ind2=" " tag="504">
         <subfield code="a">Includes bibliographical references and indexes.</subfield>
      </datafield>
      <datafield ind1=" " ind2=" " tag="506">
         <subfield code="a">Access restricted to authorized users and institutions.</subfield>
      </datafield>
      <datafield ind1="0" ind2=" " tag="588">
         <subfield code="a">Print version record.</subfield>
      </datafield>
      <datafield ind1=" " ind2=" " tag="596">
         <subfield code="a">44</subfield>
      </datafield>
      <datafield ind1=" " ind2="0" tag="650">
         <subfield code="a">Religion and politics.</subfield>
         <subfield code="0">http://id.loc.gov/authorities/subjects/sh85112577</subfield>
      </datafield>
      <datafield ind1=" " ind2="0" tag="650">
         <subfield code="a">Human rights</subfield>
         <subfield code="x">Religious aspects.</subfield>
         <subfield code="0">http://id.loc.gov/authorities/subjects/sh87001177</subfield>
      </datafield>
      <datafield ind1="1" ind2=" " tag="700">
         <subfield code="a">Twiss, Sumner B.,</subfield>
         <subfield code="e">editor.</subfield>
         <subfield code="0">http://id.loc.gov/authorities/names/n92059141</subfield>
         <subfield code="0">http://viaf.org/viaf/41035356</subfield>
      </datafield>
      <datafield ind1="1" ind2=" " tag="700">
         <subfield code="a">Simion, Marian Gh.,</subfield>
         <subfield code="e">editor.</subfield>
         <subfield code="0">http://id.loc.gov/authorities/names/n2010057167</subfield>
         <subfield code="0">http://viaf.org/viaf/133935796</subfield>
      </datafield>
      <datafield ind1="1" ind2=" " tag="700">
         <subfield code="a">Petersen, Rodney Lawrence,</subfield>
         <subfield code="e">editor.</subfield>
         <subfield code="0">http://id.loc.gov/authorities/names/n88612924</subfield>
         <subfield code="0">http://viaf.org/viaf/29677063</subfield>
      </datafield>
      <datafield ind1=" " ind2=" " tag="758">
         <subfield code="0">http://worldcat.org/entity/work/id/24305604</subfield>
      </datafield>
      <datafield ind1="0" ind2=" " tag="787">
         <subfield code="n">OCLC Work Id</subfield>
         <subfield code="o">http://worldcat.org/entity/work/id/24305604</subfield>
      </datafield>
      <datafield ind1="4" ind2="0" tag="856">
         <subfield code="3">University of Alberta Access</subfield>
         <subfield code="u">http://dx.doi.org/10.1017/CBO9781316106693</subfield>
      </datafield>
      <datafield ind1=" " ind2=" " tag="949">
         <subfield code="h">UAIN</subfield>
         <subfield code="z">CBO</subfield>
      </datafield>
      <datafield ind1=" " ind2=" " tag="926">
         <subfield code="a">Internet Access</subfield>
         <subfield code="w">LC</subfield>
         <subfield code="c">1</subfield>
         <subfield code="i">6783673-1001</subfield>
         <subfield code="l">INTERNET</subfield>
         <subfield code="m">UAINTERNET</subfield>
         <subfield code="r">Y</subfield>
         <subfield code="s">Y</subfield>
         <subfield code="t">E-RESOURCE</subfield>
         <subfield code="u">1/16/2015</subfield>
         <subfield code="x">E-BOOK</subfield>
         <subfield code="z">CBO</subfield>
      </datafield>
   </record>
</collection>
